@article{kde_rosenblatt,
author = {Murray Rosenblatt},
title = {{Remarks on Some Nonparametric Estimates of a Density Function}},
volume = {27},
journal = {The Annals of Mathematical Statistics},
number = {3},
publisher = {Institute of Mathematical Statistics},
pages = {832 -- 837},
year = {1956},
doi = {10.1214/aoms/1177728190},
URL = {https://doi.org/10.1214/aoms/1177728190}
}

@article{kde_parzen,
author = {Emanuel Parzen},
title = {{On Estimation of a Probability Density Function and Mode}},
volume = {33},
journal = {The Annals of Mathematical Statistics},
number = {3},
publisher = {Institute of Mathematical Statistics},
pages = {1065 -- 1076},
year = {1962},
doi = {10.1214/aoms/1177704472},
URL = {https://doi.org/10.1214/aoms/1177704472}
}

@misc{binning_pearson,
  author       = {Pearson, Karl},
  title        = {Contributions to the Mathematical Theory of
                   Evolution. II. Skew Variation in Homogeneous
                   Material
                  },
  month        = jan,
  year         = 1895,
  publisher    = {Zenodo},
  doi          = {10.1098/rsta.1895.0010},
  url          = {https://doi.org/10.1098/rsta.1895.0010},
}

@article{matplotlib,
author = {Hunter, John D.},
doi = {10.1109/MCSE.2007.55},
journal = {Computing in Science \& Engineering},
number = {3},
pages = {90--95},
title = {{Matplotlib: A 2D graphics environment}},
volume = {9},
year = {2007}
}

@article{seaborn,
    doi = {10.21105/joss.03021},
    url = {https://doi.org/10.21105/joss.03021},
    year = {2021},
    publisher = {The Open Journal},
    volume = {6},
    number = {60},
    pages = {3021},
    author = {Michael L. Waskom},
    title = {seaborn: statistical data visualization},
    journal = {Journal of Open Source Software}
 }


@ARTICLE{scipy,
  author  = {Virtanen, Pauli and Gommers, Ralf and Oliphant, Travis E. and
            Haberland, Matt and Reddy, Tyler and Cournapeau, David and
            Burovski, Evgeni and Peterson, Pearu and Weckesser, Warren and
            Bright, Jonathan and {van der Walt}, St{\'e}fan J. and
            Brett, Matthew and Wilson, Joshua and Millman, K. Jarrod and
            Mayorov, Nikolay and Nelson, Andrew R. J. and Jones, Eric and
            Kern, Robert and Larson, Eric and Carey, C J and
            Polat, {\.I}lhan and Feng, Yu and Moore, Eric W. and
            {VanderPlas}, Jake and Laxalde, Denis and Perktold, Josef and
            Cimrman, Robert and Henriksen, Ian and Quintero, E. A. and
            Harris, Charles R. and Archibald, Anne M. and
            Ribeiro, Ant{\^o}nio H. and Pedregosa, Fabian and
            {van Mulbregt}, Paul and {SciPy 1.0 Contributors}},
  title   = {{{SciPy} 1.0: Fundamental Algorithms for Scientific
            Computing in Python}},
  journal = {Nature Methods},
  year    = {2020},
  volume  = {17},
  pages   = {261--272},
  adsurl  = {https://rdcu.be/b08Wh},
  doi     = {10.1038/s41592-019-0686-2},
}

@book{horn2012matrix,
  title={Matrix analysis},
  author={Horn, Roger A and Johnson, Charles R},
  year={2012},
  publisher={Cambridge university press}
}


@article{the_dct,
    author = {Strang, Gilbert},
    title = {The Discrete Cosine Transform},
    journal = {SIAM Review},
    volume = {41},
    number = {1},
    pages = {135-147},
    year = {1999},
    doi = {10.1137/S0036144598336745},
    URL = {https://doi.org/10.1137/S0036144598336745},
    eprint = {https://doi.org/10.1137/S0036144598336745}
}

@ARTICLE{125072,
  author={Wallace, Gregory K.},
  journal={IEEE Transactions on Consumer Electronics}, 
  title={The JPEG still picture compression standard}, 
  year={1992},
  volume={38},
  number={1},
  pages={xviii-xxxiv},
  keywords={Transform coding;Image coding;Digital images;Image storage;Standards development;ISO standards;Gray-scale;Displays;Costs;Facsimile},
  doi={10.1109/30.125072}
}

@article{Scott1979,
    author = {Scott, David W.},
    title = {On optimal and data-based histograms},
    journal = {Biometrika},
    volume = {66},
    number = {3},
    pages = {605-610},
    year = {1979},
    month = {12},
    issn = {0006-3444},
    doi = {10.1093/biomet/66.3.605},
    url = {https://doi.org/10.1093/biomet/66.3.605},
    eprint = {https://academic.oup.com/biomet/article-pdf/66/3/605/632347/66-3-605.pdf},
}

@article{FreedmanDiaconis1981,
  title={On the histogram as a density estimator: L 2 theory},
  author={Freedman, David and Diaconis, Persi},
  journal={Zeitschrift f{\"u}r Wahrscheinlichkeitstheorie und verwandte Gebiete},
  volume={57},
  number={4},
  pages={453--476},
  year={1981},
  publisher={Springer-Verlag Berlin/Heidelberg}
}

@article{Scott1985ASH,
 ISSN = {00905364, 21688966},
 URL = {http://www.jstor.org/stable/2241123},
 author = {David W. Scott},
 journal = {The Annals of Statistics},
 number = {3},
 pages = {1024--1040},
 publisher = {Institute of Mathematical Statistics},
 title = {Averaged Shifted Histograms: Effective Nonparametric Density Estimators in Several Dimensions},
 urldate = {2025-09-18},
 volume = {13},
 year = {1985}
}

@article{Dempster1977EM,
author = {Dempster, A. P. and Laird, N. M. and Rubin, D. B.},
title = {Maximum Likelihood from Incomplete Data Via the EM Algorithm},
journal = {Journal of the Royal Statistical Society: Series B (Methodological)},
volume = {39},
number = {1},
pages = {1-22},
keywords = {maximum likelihood, incomplete data, em algorithm, posterior mode},
doi = {https://doi.org/10.1111/j.2517-6161.1977.tb01600.x},
url = {https://rss.onlinelibrary.wiley.com/doi/abs/10.1111/j.2517-6161.1977.tb01600.x},
eprint = {https://rss.onlinelibrary.wiley.com/doi/pdf/10.1111/j.2517-6161.1977.tb01600.x},
year = {1977}
}

@book{McLachlanPeel2000,
author = {Geoffrey J. McLachlan and David Peel},
title = {Finite Mixture Models},
publisher = {Wiley},
address = {New York},
year = {2000},
isbn = {978-0471006268}
}

@inproceedings{Taubin1995,
author = {Taubin, Gabriel},
title = {A signal processing approach to fair surface design},
year = {1995},
isbn = {0897917014},
publisher = {Association for Computing Machinery},
address = {New York, NY, USA},
url = {https://doi.org/10.1145/218380.218473},
doi = {10.1145/218380.218473},
booktitle = {Proceedings of the 22nd Annual Conference on Computer Graphics and Interactive Techniques},
pages = {351–358},
numpages = {8},
keywords = {graphics},
series = {SIGGRAPH '95}
}

@inproceedings{Desbrun1999ImplicitFairing,
author = {Desbrun, Mathieu and Meyer, Mark and Schr\"{o}der, Peter and Barr, Alan H.},
title = {Implicit fairing of irregular meshes using diffusion and curvature flow},
year = {1999},
isbn = {0201485605},
publisher = {ACM Press/Addison-Wesley Publishing Co.},
address = {USA},
url = {https://doi.org/10.1145/311535.311576},
doi = {10.1145/311535.311576},
booktitle = {Proceedings of the 26th Annual Conference on Computer Graphics and Interactive Techniques},
pages = {317–324},
numpages = {8},
series = {SIGGRAPH '99}
}

@article{BelkinNiyogi2003,
  author={Belkin, Mikhail and Niyogi, Partha},
  journal={Neural Computation}, 
  title={Laplacian Eigenmaps for Dimensionality Reduction and Data Representation}, 
  year={2003},
  volume={15},
  number={6},
  pages={1373-1396},
  keywords={},
  doi={10.1162/089976603321780317}
}


@article{CoifmanLafon2006,
title = {Diffusion maps},
journal = {Applied and Computational Harmonic Analysis},
volume = {21},
number = {1},
pages = {5-30},
year = {2006},
note = {Special Issue: Diffusion Maps and Wavelets},
issn = {1063-5203},
doi = {https://doi.org/10.1016/j.acha.2006.04.006},
url = {https://www.sciencedirect.com/science/article/pii/S1063520306000546},
author = {Ronald R. Coifman and Stéphane Lafon},
keywords = {Diffusion processes, Diffusion metric, Manifold learning, Dimensionality reduction, Eigenmaps, Graph Laplacian},
}

@inproceedings{ZhuGhahramaniLafferty2003,
author = {Xiaojin Zhu and Zoubin Ghahramani and John D. Lafferty},
title = {Semi-Supervised Learning Using Gaussian Fields and Harmonic Functions},
booktitle = {Proceedings of ICML 2003},
year = {2003},
pages = {912--919}
}


@article{BelkinNiyogiSindhwani2006,
  author  = {Mikhail Belkin and Partha Niyogi and Vikas Sindhwani},
  title   = {Manifold  Regularization: A Geometric Framework for Learning from Labeled and Unlabeled Examples},
  journal = {Journal of Machine Learning Research},
  year    = {2006},
  volume  = {7},
  number  = {85},
  pages   = {2399--2434},
  url     = {http://jmlr.org/papers/v7/belkin06a.html}
}


@article{Shuman2013SPMag,
  author={Shuman, David I and Narang, Sunil K. and Frossard, Pascal and Ortega, Antonio and Vandergheynst, Pierre},
  journal={IEEE Signal Processing Magazine}, 
  title={The emerging field of signal processing on graphs: Extending high-dimensional data analysis to networks and other irregular domains}, 
  year={2013},
  volume={30},
  number={3},
  pages={83-98},
  keywords={Tutorials;Biological neural networks;Harmonic analysis;Spectral analysis;Frequency domain analysis},
  doi={10.1109/MSP.2012.2235192}
}

@article{Hammond2011,
title = {Wavelets on graphs via spectral graph theory},
journal = {Applied and Computational Harmonic Analysis},
volume = {30},
number = {2},
pages = {129-150},
year = {2011},
issn = {1063-5203},
doi = {https://doi.org/10.1016/j.acha.2010.04.005},
url = {https://www.sciencedirect.com/science/article/pii/S1063520310000552},
author = {David K. Hammond and Pierre Vandergheynst and Rémi Gribonval},
keywords = {Graph theory, Wavelets, Spectral graph theory, Overcomplete wavelet frames}
}


@article{Wang2016GraphTrendFiltering,
  author  = {Yu-Xiang Wang and James Sharpnack and Alexander J. Smola and Ryan J. Tibshirani},
  title   = {Trend Filtering on Graphs},
  journal = {Journal of Machine Learning Research},
  year    = {2016},
  volume  = {17},
  number  = {105},
  pages   = {1--41},
  url     = {http://jmlr.org/papers/v17/15-147.html}
}

@article{CzajaEhler2013PAMI,
  author={Czaja, Wojciech and Ehler, Martin},
  journal={IEEE Transactions on Pattern Analysis and Machine Intelligence}, 
  title={Schroedinger Eigenmaps for the Analysis of Biomedical Data}, 
  year={2013},
  volume={35},
  number={5},
  pages={1274-1280},
  keywords={Laplace equations;Vectors;Manifolds;Kernel;Eigenvalues and eigenfunctions;Biomedical imaging;Labeling;Schroedinger Eigenmaps;Laplacian Eigenmaps;Schroedinger operator on a graph;barrier potential;dimension reduction;manifold learning},
  doi={10.1109/TPAMI.2012.270}
}


@article{KooperbergStone1991,
author = {Charles Kooperberg and Charles J. Stone},
title = {A Study of Logspline Density Estimation},
journal = {Computational Statistics \& Data Analysis},
year = {1991},
volume = {12},
number = {3},
pages = {327--347},
doi = {10.1016/0167-9473(91)90115-I}
}


@article{KooperbergStone1992,
author = {Charles Kooperberg and Charles J. Stone},
title = {Logspline Density Estimation for Censored Data},
journal = {Journal of Computational and Graphical Statistics},
year = {1992},
volume = {1},
number = {4},
pages = {301--328},
doi = {10.1080/10618600.1992.10474588}
}


@article{KooperbergStoneTruong1995Rate,
author = {Charles Kooperberg and Charles J. Stone and Young K. Truong},
title = {Rate of Convergence for Logspline Spectral Density Estimation},
journal = {Journal of Time Series Analysis},
year = {1995},
volume = {16},
number = {4},
pages = {389--401},
doi = {10.1111/j.1467-9892.1995.tb00241.x}
}


@article{Koo2000,
author = {Ja-Yong Koo and Charles Kooperberg},
title = {Logspline Density Estimation for Binned Data},
journal = {Statistics \& Probability Letters},
year = {2000},
volume = {46},
number = {2},
pages = {133--147},
doi = {10.1016/S0167-7152(99)00097-8}
}


@article{StoneHansenKooperbergTruong1997,
author = {Charles J. Stone and Mark H. Hansen and Charles Kooperberg and Young K. Truong},
title = {Polynomial Splines and Their Tensor Products in Extended Linear Modeling},
journal = {The Annals of Statistics},
year = {1997},
volume = {25},
number = {4},
pages = {1371--1470},
doi = {10.1214/aos/1031594728}
}


@manual{logsplineCRAN,
title = {logspline: Routines for Logspline Density Estimation},
author = {Charles Kooperberg},
year = {2024},
organization = {CRAN},
url = {https://cran.r-project.org/package=logspline},
note = {R package version 2.1.22}
}

@Article{semiclassical,
author="Laleg-Kirati, Taous-Meriem
and Cr{\'e}peau, Emmanuelle
and Sorine, Michel",
title="Semi-classical signal analysis",
journal="Mathematics of Control, Signals, and Systems",
year="2013",
month="Mar",
day="01",
volume="25",
number="1",
pages="37--61",
issn="1435-568X",
doi="10.1007/s00498-012-0091-1",
url="https://doi.org/10.1007/s00498-012-0091-1"
}

@inproceedings{offset_adaptive,
author = {Aharon, Michal and Kagian, Amit and Somekh, Oren},
title = {Adaptive Online Hyper-Parameters Tuning for Ad Event-Prediction Models},
year = {2017},
isbn = {9781450349147},
publisher = {International World Wide Web Conferences Steering Committee},
address = {Republic and Canton of Geneva, CHE},
url = {https://doi.org/10.1145/3041021.3054184},
doi = {10.1145/3041021.3054184},
booktitle = {Proceedings of the 26th International Conference on World Wide Web Companion},
pages = {672–679},
numpages = {8},
keywords = {ad click-prediction, ad ranking, hyper-parameters tuning, learning, map-reduce, native ads},
location = {Perth, Australia},
series = {WWW '17 Companion}
}

@article{schwarz1978estimating,
  title   = {Estimating the Dimension of a Model},
  author  = {Schwarz, Gideon E.},
  journal = {Annals of Statistics},
  volume  = {6},
  number  = {2},
  pages   = {461--464},
  year    = {1978}
}

@article{birde_proj_bic,
author="Birg{\'e}, Lucien",
title="Model selection for density estimation with L2-loss",
journal="Probability Theory and Related Fields",
year="2014",
month="Apr",
day="01",
volume="158",
number="3",
pages="533--574",
issn="1432-2064",
doi="10.1007/s00440-013-0488-x",
url="https://doi.org/10.1007/s00440-013-0488-x"
}

@article{cencov1962estimation,
  title={Estimation of an unknown distribution density from observations},
  author={Cencov, Nikolai N},
  journal={Soviet Math.},
  volume={3},
  pages={1559--1566},
  year={1962}
}

@misc{spambase_94,
  author       = {Hopkins, Mark and Reeber, Erik and Forman, George and Suermondt, Jaap},
  title        = {{Spambase}},
  year         = {1999},
  howpublished = {UCI Machine Learning Repository},
  note         = {{DOI}: https://doi.org/10.24432/C53G6X}
}

@misc{bank_marketing_222,
  author       = {Moro, S. and  Rita, P. and and Cortez, P.},
  title        = {{Bank Marketing}},
  year         = {2014},
  howpublished = {UCI Machine Learning Repository},
  note         = {{DOI}: https://doi.org/10.24432/C5K306}
}

@article{diggle_hall_orthogonal_selection,
author = {Peter J. Diggle and Peter Hall},
title = {The Selection of Terms in an Orthogonal Series Density Estimator},
journal = {Journal of the American Statistical Association},
volume = {81},
number = {393},
pages = {230--233},
year = {1986},
publisher = {ASA Website},
doi = {10.1080/01621459.1986.10478265},
URL = {https://www.tandfonline.com/doi/abs/10.1080/01621459.1986.10478265},
eprint = {https://www.tandfonline.com/doi/pdf/10.1080/01621459.1986.10478265}
}